%%%%%%%%%%%%
% Section %
%%%%%%%%%%%%

% Author - Title
% e.g.
@misc{UdacityLesson23,
  author        = {Udacity},
  title         = {Lesson 23: Deep RL},
  month         = {October},
  year          = {2018},
  publisher={Udacity}
}

@misc{introOpt,
  title = {Intro to optimization in deep learning: Momentum, RMSProp and Adam},
  howpublished = {\url{https://blog.paperspace.com/intro-to-optimization-momentum-rmsprop-adam/}},
  note = {Accessed: 2018-10-06}
}

